11300013003113112301033333102003101001030002312002011100001100311030301030230120311010000030200330000
33101303000102300203330111300001000110330103001011100113303011020200010100100010231130303311303023003
30300100323130300000000011310031330030111133203030130101130211300101300303103002003001301003003010000
30003023031010001030300001311131030010101110003030010010103010101312031003301000333003301000003330023
30000330303310330310100330110313103100001103113001031101300010300023300031010020010001301030033003031
01013133310030030010031000120030300030101302001030023303001010310000121001320100330330000110313101311
31303101000111000010001110100033330003100110010101331001010301030100311301110330001010110000013331033
03003033133311000010103303303301111032313300001003030130330132003030000103230133000001120030003103303
30030033123202030021133001131200010110003010000133033302000000010300000100000303000011311100031301010
01223300132102000031330100000011100310310300102301100001300033313213230021230131300200000030001003103
00311000030010030110331000310000330003200200031131001003201312333330110030000030310133101033100030100
33010011031331010131301310303310030121031001311101010311001030010232003000100303100101320000031000000
03301003130303011003000133010111010001000311003000130000110103310000031110010010003000001311021011013
10020113310000333000001000300000033311101300000100230030000000010113011003100030310230030300010311303
10113010330010113301000101300021100111101003032101320330300101001000010131031100000000100011000010120
01110310030010130103101031010311031030301031311000310100100301010000320011003311003310000301011000113
02020300300310002101000003000010330130131303201011003133020030113100100012011211303200330010010313330
13003301030331001000321131333300031100200133001301302033100111000313300101000001011003300331300003310
11010013033302300001030333101131011000003300033033031031321001010300112030131110100300012031110033033
03301300100133030001111011131100000101333101300333033330102331302100032210003303001200110330131202112
31033003001303333013303303102330001000000320301300000012030002110030031333002020013030023200103003330
00301203013000213203000130020023030310303001133100003321030001030103303331112000000000023100000013030
20011110030101003000303033010000213000000001330013030203013000030020330031001030110330003002300000030
00301113300303001000101330033010001132010010011330003032000030110013200030301330130310330010300111003
10033031003203130301300000313010000101103000331103003003000333000131030030330010300010103112101131331
03013131030100033303331010001111300113000113211000100300111300130133010001111100330303331333100003012
33030013002000300100030311330213001130110103330310033103010003013000300000003210113021013010002011121
10303130133013030000030300121031310000013010033100022030333013103020301003110000331003030001101003000
11031103130000010000001033000010100310203100201001001300313330010300201101000000100003003000130312310
00301012001202010300010100111010110130001303301200000001003303000133310000001100313111020300000200000
03000300113333013300310310303130310000330300303033310100112000033010000033000033030310110133100311002
00000300300000133110031331330213110131000320300023100002001330000110311001000031111130312011312103133
30203300033010012030000111033010010101001010030101100001021100130010001000000003111001330330330310013
01333320010000010100100003001331331201003030130130033130300200001203011200300110000330000000310300001
00011300032112013300000013100033313030003010333321200030333311010303101103300123301013013010001030100
13000133030031030101030130300203300033333130300101031330101103001230031013310003003200303003311130133
03333332003103333110030001030123301001330023100111311003003100110011301001130010012300031110010111011
13003331300300033003310000310023310101033301013333331303030000000000000300010110303000000313030303331
33000000003303303000331310030003011030000103100003131003000111130001013000101110300010000000110200132
01000021110003011300003013311322303123011000001010100330110010203130301030113110300110000003303002100
10010011010013013013001331111011321100103330030022210300100031131300031000001110110103333133000100001
00000101010100000010033000300103310031003100001130001301300200300001100010130301000300311033000000011
00313330030000031300201033103001023331100100101100000300112000131112010303313303033100011301003003330
00023211011030003033133000010032000301300001110001123100300313010330000010103001033003010003000103110
03131331211200030121000031013102301201000101110130103100030031100303301031201100001301330001023000010
10000131310200030000331030330011001000102300320001003033100033131000101001001000030003030000313031000
03101100201020000313000233310330000000030303313013000320110311003000330000003031100010030301100003003
13001030020030000101003033002030021013010011000010100011300000303000300032103000100303030030000311300
00310000230313330100030030330110010000100010100000303003313010111010000330011001110000111323301010033
10031000330333000301300210010301230230100031123030000330030310103113310030021002013003333300003003023
33300131300300010101000301000101313101100010000130411003310000003030330011000000300023103001300310110
00103300330101003000003003230031031310033103333000333010330310100000010303101303100100003100000003330
33210010001001001300110330010100030003011033103001010132001011000030300010000000011333300121001310131
30012011003010010203000330010100311111331300131330120003003000003300020103110032303001000103300130300
00013300110300320000333010031001011110031010303001133133000030023100301310300100100333103331131300003
13001100000301001000110000132001330020001003030130012303321103000003110331000031301230110030100000300
10010133010001301001010110010301300310030131000330301011003030100331001330001203001330013000203301301
10130021103001123300030011030000303300001300300030133033331011130302230033131110301311300103303001303
10110300300000330011202020330201101311100200301031003103030303113110013001301103000100301030130000013
01303230201110001030130013031131010031013210000000310133303000300000313030000330130300000000301003031
10331003300030300010133301021010300010300312000033100132000300313011000130300000003101303110101323300
00003110110000030233030000003101300000103310000103313303000000000333030301010130011210000103001032203
03100000332001300300030100002100003111113132310311300030013011101200030130030302200330111000003010303
31003100001313030010231313100313030011110000331300013001101000131312000003013030001310131110201030030
21303000000030320000331111310000003031030303301000002010102301031013302100300113010020300311030003031
22000331103101031303030031110000033300101101110333010200300100001300000013003102131101002301031003010
10303013013001100030101300000002101000102100000130000100200102210300030130111001100011033000032030211
10100013102303203033000003130030102300300003200011100300000300113031001033321000303300320303300301100
33301303310033010231113311011030130003013101010102101030301103013200331011133000301313110000000010033
00001333013110313023303103003030030300000000010121030003333331000103301310110010313303000001000003300
31010000002123011301012130110300111020311301101300003112130003100001130311000101010131100330030030001
01101003111001313131101100301300110030003001033001101010310030010000301001300031033301303103213011311
30011001030003101103101210100011030000313301000310313033031203100303011000330030030102031301303021030
30100013001021030110000020033310011001001000000003313030010203301300301030031111030330331311100001330
01300310103003110001030001130100003320000030031103031031120130331030001030010330313010102010101100001
30333100001130301000013333100233003301001203033030133002311111003110131300000001000131000300330110030
33000032200011013003003332013033031100003010120330013100010103000030030030003330101103031031130300332
21000100010010010002031130001103333000023300300001001031310330110011000312321111001301003002301010130
31030301001003301330003020010131011233300001311030103100100000332311033002000033133033101011203010003
03003200010302001310130023100003101001100002001000133310100030302033000001031003301301210011331130001
03033313203230013001300001301000033013100300330230030201020312000010003130310000000300300030000000210
10333103031103012021000100300331031331131001103010030033003301010003001333103330100033003102103010033
11031011000302032300330000030230200001303020030101003000000000033123130011120311310010030013030000010
01000103010000030003101010110200133000130103013300010300030010110213130033030030000133300000130101301
23101203000210303000010100111011311002333301031110030130030333003210100000301300000030133003032100130
10003011031011030002000110033030000100203131000011030030000130033000001300303103010010000030100330033
01001000000311333000100111003000031111000133030300002000002000311230100330103330000001011000030300030
00013111300310101103000003301000100331133133110030000301201010001131003030210133301111032001013030010
31000010011013010103320032301320310013113100001000000031203213000000113010001003300003100030011001310
00003001101100300100010131230311010303310100100013033000310013310001311231130010300033100301330330120
30000110110000003313001311003000000003100032000130100103112003030100031001303231031010030003102001111
03013100130000313311320000333300031300303003031200100011130000330013010103300103123200000031110130000
11031320000210010330003331300013210001030301303310000030110311031301130000023303012030003031200100000
10001030100001313010203203100310000030133010100013330000000333101310000003121000331020000023000103100
01333330333103030001033310303033231311000023301103100001033001100030000310302030030301001300300110333
00003310233130203001030113102332301102131010000000010020110301010033310330330301001111321001031300100
03000100130130331303033310132000001100001000300300321310031303000003021121323030313000030000301303300
30003103130010110230003030100000111000101010012132030000002000033300333000003101301003101100103013200
30300021301021102003320003130001113303330320010132330010020300311000030013101310323103110033011101010
30003023011001000003000103300003010001001323001030330130300110033213010233303111330300010010000110330
03003103030331111133200000100131331133120303031000033013001000001111331020330133033300001310302201133
